@book{robertson2012,
  author    = {Suzanne Robertson and James Robertson},
  title     = {Mastering the Requirements Process},
  year      = {2012},
  publisher = {Addison-Wesley},
  address   = {Boston, MA}
}

@book{sommerville2016,
  author    = {Ian Sommerville},
  title     = {Software Engineering},
  edition   = {10},
  year      = {2016},
  publisher = {Pearson},
  address   = {Harlow, UK}
}

@book{wiegers2013,
  author    = {Karl Wiegers and Joy Beatty},
  title     = {Software Requirements},
  edition   = {3},
  year      = {2013},
  publisher = {Microsoft Press},
  address   = {Redmond, WA}
}

@online{infoq2025,
  author  = {{InfoQ}},
  title   = {Requirements Engineering},
  year    = {2025},
  url     = {https://www.infoq.com},
  note    = {Geraadpleegd op 7 oktober 2025}
}

@online{volere2025,
  author  = {{Volere}},
  title   = {The Volere Requirements Process},
  year    = {2025},
  url     = {https://volere.co.uk},
  note    = {Geraadpleegd op 7 oktober 2025}
}

@online{ireb2025,
  author  = {{IREB}},
  title   = {RE-Magazine},
  year    = {2025},
  url     = {https://www.ireb.org/en/re-magazine.html},
  note    = {Geraadpleegd op 7 oktober 2025}
}

@online{reaco2025,
  author  = {{REACO}},
  title   = {Requirements Engineering Tools},
  year    = {2025},
  url     = {https://reaco.nl},
  note    = {Geraadpleegd op 7 oktober 2025}
}

@online{blueprint2025,
  author  = {{Blueprint Systems}},
  title   = {The Business of IT},
  year    = {2025},
  url     = {https://www.blueprintsys.com/thebusinessofit/index.php},
  note    = {Geraadpleegd op 7 oktober 2025}
}
